<?xml version="1.0" encoding="UTF-8"?>
<record>
  <leader>00896nam#a2200277#c#4500</leader>
  <controlfield tag="005">20230209225443.0</controlfield>
  <controlfield tag="007">tu</controlfield>
  <controlfield tag="008">980105|1964####it############|||#|#####c</controlfield>
  <controlfield tag="003">DE-605</controlfield>
  <controlfield tag="001">990030574430206441</controlfield>
  <datafield tag="016" ind1="7" ind2=" ">
    <subfield code="a">1071256649</subfield>
    <subfield code="2">OCoLC</subfield>
  </datafield>
  <datafield tag="035" ind1=" " ind2=" ">
    <subfield code="a">(DE-605)HT007847893</subfield>
  </datafield>
  <datafield tag="040" ind1=" " ind2=" ">
    <subfield code="a">HBZ/Off</subfield>
    <subfield code="b">ger</subfield>
    <subfield code="e">rakwb</subfield>
  </datafield>
  <datafield tag="044" ind1=" " ind2=" ">
    <subfield code="c">XA-IT</subfield>
  </datafield>
  <datafield tag="100" ind1="0" ind2=" ">
    <subfield code="a">Bacchylides</subfield>
    <subfield code="d">v516-v451</subfield>
    <subfield code="0">(DE-588)118506080</subfield>
    <subfield code="4">aut</subfield>
    <subfield code="0">https://portal.dnb.de/opac.htm?method=simpleSearch&amp;cqlMode=true&amp;query=idn=118506080</subfield>
    <subfield code="0">http://viaf.org/viaf/sourceID/DNB|118506080</subfield>
    <subfield code="B">GND-118506080</subfield>
  </datafield>
  <datafield tag="240" ind1="1" ind2="0">
    <subfield code="a">Carmina</subfield>
  </datafield>
  <datafield tag="245" ind1="1" ind2="0">
    <subfield code="a">Epinici di &lt;&lt;Bacchilide e Pindaro&gt;&gt;</subfield>
    <subfield code="c">testi per uso accademico. A cura di F[rancesco] Sbordone</subfield>
  </datafield>
  <datafield tag="264" ind1=" " ind2="1">
    <subfield code="a">Napoli</subfield>
    <subfield code="b">Libreria scientif. ed.</subfield>
    <subfield code="c">[1964]</subfield>
  </datafield>
  <datafield tag="300" ind1=" " ind2=" ">
    <subfield code="a">93 S. ; 8-o</subfield>
  </datafield>
  <datafield tag="035" ind1=" " ind2=" ">
    <subfield code="a">(OCoLC)1071256649</subfield>
  </datafield>
  <datafield tag="960" ind1="1" ind2=" ">
    <subfield code="o">retro</subfield>
  </datafield>
  <datafield tag="964" ind1="0" ind2="s">
    <subfield code="F">030</subfield>
    <subfield code="A">e|1uc||||||17</subfield>
  </datafield>
  <datafield tag="964" ind1="0" ind2="s">
    <subfield code="F">050</subfield>
    <subfield code="A">a|||||||||||||</subfield>
  </datafield>
  <datafield tag="964" ind1="0" ind2="s">
    <subfield code="F">051</subfield>
    <subfield code="A">m|||||||</subfield>
  </datafield>
  <datafield tag="700" ind1="0" ind2=" ">
    <subfield code="a">Pindarus</subfield>
    <subfield code="d">ca. 522 oder 518 v. Chr.-446 v. Chr.</subfield>
    <subfield code="0">(DE-588)118594427</subfield>
    <subfield code="4">aut</subfield>
    <subfield code="0">https://portal.dnb.de/opac.htm?method=simpleSearch&amp;cqlMode=true&amp;query=idn=118594427</subfield>
    <subfield code="0">http://viaf.org/viaf/sourceID/DNB|118594427</subfield>
    <subfield code="B">GND-118594427</subfield>
  </datafield>
  <datafield tag="700" ind1="1" ind2=" ">
    <subfield code="a">Sbordone, Francesco</subfield>
    <subfield code="d">1911-1983</subfield>
    <subfield code="0">(DE-588)121807878</subfield>
    <subfield code="4">oth</subfield>
    <subfield code="0">https://portal.dnb.de/opac.htm?method=simpleSearch&amp;cqlMode=true&amp;query=idn=121807878</subfield>
    <subfield code="0">http://viaf.org/viaf/sourceID/DNB|121807878</subfield>
    <subfield code="B">GND-121807878</subfield>
  </datafield>
  <datafield tag="MBD" ind1=" " ind2=" ">
    <subfield code="M">49HBZ_NETWORK</subfield>
    <subfield code="i">990030574430206441</subfield>
    <subfield code="n">HBZ Network</subfield>
  </datafield>
  <datafield tag="MBD" ind1=" " ind2=" ">
    <subfield code="M">49HBZ_ULB</subfield>
    <subfield code="i">991014993369706467</subfield>
    <subfield code="n">Universitaet Bonn</subfield>
  </datafield>
  <datafield tag="MNG" ind1=" " ind2=" ">
    <subfield code="c">System</subfield>
    <subfield code="f">ILS</subfield>
    <subfield code="i">marc21</subfield>
    <subfield code="k">01</subfield>
    <subfield code="e">false</subfield>
    <subfield code="d">2023-02-09 22:54:43 Europe/Berlin</subfield>
    <subfield code="g">003057443-HBZ01</subfield>
    <subfield code="j">60</subfield>
    <subfield code="a">import</subfield>
    <subfield code="b">2021-04-05 07:50:59 Europe/Berlin</subfield>
  </datafield>
  <datafield tag="H52" ind1="#" ind2=" ">
    <subfield code="b">SG</subfield>
    <subfield code="c">SG-Frei</subfield>
    <subfield code="h">A 607 5/10</subfield>
    <subfield code="8">22308126220006467</subfield>
  </datafield>
  <datafield tag="HOL" ind1=" " ind2=" ">
    <subfield code="b">2023-07-24 11:41:04</subfield>
    <subfield code="8">22308126220006467</subfield>
    <subfield code="M">49HBZ_ULB</subfield>
    <subfield code="g">false</subfield>
    <subfield code="a">import</subfield>
  </datafield>
  <datafield tag="H52" ind1="#" ind2=" ">
    <subfield code="b">0</subfield>
    <subfield code="c">0-Mag</subfield>
    <subfield code="h">65/7293</subfield>
    <subfield code="8">22308126240006467</subfield>
  </datafield>
  <datafield tag="HOL" ind1=" " ind2=" ">
    <subfield code="b">2023-07-24 11:41:04</subfield>
    <subfield code="8">22308126240006467</subfield>
    <subfield code="M">49HBZ_ULB</subfield>
    <subfield code="g">false</subfield>
    <subfield code="a">import</subfield>
  </datafield>
  <datafield tag="ITM" ind1=" " ind2=" ">
    <subfield code="H">22308126220006467</subfield>
    <subfield code="x">SG-Frei</subfield>
    <subfield code="f">BOOK</subfield>
    <subfield code="v">SG-Frei</subfield>
    <subfield code="X">AMO_TL2_FIX</subfield>
    <subfield code="U">2023-07-23 12:59:00 Europe/Berlin</subfield>
    <subfield code="Y">2023-07-25 08:01:39 Europe/Berlin</subfield>
    <subfield code="h">false</subfield>
    <subfield code="n">A 607 5/10</subfield>
    <subfield code="G">1</subfield>
    <subfield code="M">49HBZ_ULB</subfield>
    <subfield code="s">1</subfield>
    <subfield code="d">#</subfield>
    <subfield code="V">import</subfield>
    <subfield code="L">FBInvNr.: 29772/65</subfield>
    <subfield code="b">SL-031324</subfield>
    <subfield code="O">SISIS-Ausleihzähler Migrationsjahr: 0 | SISIS-Ausleihzähler Vor-Migrationsjahr: 0 | SISIS-Ausleihzähler vorletztes Migrationsjahr: 0 | SISIS-Vormerkzähler Migrationsjahr: 0 | SISIS-Buchdaten-Aufnahmedatum: 2007-12-26</subfield>
    <subfield code="N">SISIS-ULBSystematik: 0 | SISIS-Magazindrucker: 0 | SISIS-Fernleihkonditionen: 3 | SISIS-Medientyp: 0 | Sigel: 5/21 | SISIS-Entleihbarkeit: X | SISIS-Zweigstelle: 63</subfield>
    <subfield code="a">23308126210006467</subfield>
    <subfield code="c">A 607 5/10</subfield>
    <subfield code="W">2023-07-24 13:41:04 Europe/Berlin</subfield>
    <subfield code="u">SG</subfield>
    <subfield code="w">SG</subfield>
  </datafield>
  <datafield tag="ITM" ind1=" " ind2=" ">
    <subfield code="H">22308126240006467</subfield>
    <subfield code="x">0-Mag</subfield>
    <subfield code="f">BOOK</subfield>
    <subfield code="v">0-Mag</subfield>
    <subfield code="X">AMO_TL2_FIX</subfield>
    <subfield code="U">2023-07-23 12:59:00 Europe/Berlin</subfield>
    <subfield code="Y">2023-07-25 08:01:39 Europe/Berlin</subfield>
    <subfield code="h">false</subfield>
    <subfield code="n">65/7293</subfield>
    <subfield code="G">1</subfield>
    <subfield code="M">49HBZ_ULB</subfield>
    <subfield code="s">1</subfield>
    <subfield code="d">#</subfield>
    <subfield code="V">import</subfield>
    <subfield code="L">HBInvNr.: re.971203.79</subfield>
    <subfield code="b">65/7293</subfield>
    <subfield code="O">SISIS-Ausleihzähler Migrationsjahr: 0 | SISIS-Ausleihzähler Vor-Migrationsjahr: 0 | SISIS-Ausleihzähler vorletztes Migrationsjahr: 0 | SISIS-Vormerkzähler Migrationsjahr: 0</subfield>
    <subfield code="N">SISIS-ULBSystematik: 0 | SISIS-Magazindrucker: 0 | SISIS-Fernleihkonditionen: 0 | SISIS-Medientyp: 0 | Sigel: 5 | SISIS-Entleihbarkeit: S | SISIS-Zweigstelle: 0</subfield>
    <subfield code="a">23308126230006467</subfield>
    <subfield code="c">65/7293</subfield>
    <subfield code="W">2023-07-24 13:41:04 Europe/Berlin</subfield>
    <subfield code="u">0</subfield>
    <subfield code="w">0</subfield>
  </datafield>
  <datafield tag="GPN" ind1="1" ind2=" ">
    <subfield code="a">Sbordone, Franciscus</subfield>
    <subfield code="d">1911-1983</subfield>
    <subfield code="A">GND</subfield>
    <subfield code="B">GND-121807878</subfield>
    <subfield code="C">400</subfield>
  </datafield>
  <datafield tag="GSI" ind1="7" ind2=" ">
    <subfield code="a">http://d-nb.info/gnd/121807878</subfield>
    <subfield code="2">uri</subfield>
    <subfield code="A">GND</subfield>
    <subfield code="B">GND-121807878</subfield>
    <subfield code="C">024</subfield>
  </datafield>
  <datafield tag="GPN" ind1="0" ind2=" ">
    <subfield code="a">Pindaros</subfield>
    <subfield code="c">Chorlyriker</subfield>
    <subfield code="d">ca. 522 oder 518 v. Chr.-446 v. Chr.</subfield>
    <subfield code="A">GND</subfield>
    <subfield code="B">GND-118594427</subfield>
    <subfield code="C">400</subfield>
  </datafield>
  <datafield tag="GPN" ind1="0" ind2=" ">
    <subfield code="a">Pindar</subfield>
    <subfield code="d">ca. 522 oder 518 v. Chr.-446 v. Chr.</subfield>
    <subfield code="9">v:R:RAK-ÖB</subfield>
    <subfield code="A">GND</subfield>
    <subfield code="B">GND-118594427</subfield>
    <subfield code="C">400</subfield>
  </datafield>
  <datafield tag="GPN" ind1="0" ind2=" ">
    <subfield code="a">Pindaros</subfield>
    <subfield code="d">ca. 522 oder 518 v. Chr.-446 v. Chr.</subfield>
    <subfield code="A">GND</subfield>
    <subfield code="B">GND-118594427</subfield>
    <subfield code="C">400</subfield>
  </datafield>
  <datafield tag="GPN" ind1="0" ind2=" ">
    <subfield code="a">Pindaros</subfield>
    <subfield code="c">von Böotien</subfield>
    <subfield code="d">ca. 522 oder 518 v. Chr.-446 v. Chr.</subfield>
    <subfield code="A">GND</subfield>
    <subfield code="B">GND-118594427</subfield>
    <subfield code="C">400</subfield>
  </datafield>
  <datafield tag="GPN" ind1="0" ind2=" ">
    <subfield code="a">Pindaros</subfield>
    <subfield code="c">von Kynoskephalai</subfield>
    <subfield code="d">ca. 522 oder 518 v. Chr.-446 v. Chr.</subfield>
    <subfield code="A">GND</subfield>
    <subfield code="B">GND-118594427</subfield>
    <subfield code="C">400</subfield>
  </datafield>
  <datafield tag="GPN" ind1="0" ind2=" ">
    <subfield code="a">Pindaros</subfield>
    <subfield code="c">von Theben</subfield>
    <subfield code="d">ca. 522 oder 518 v. Chr.-446 v. Chr.</subfield>
    <subfield code="A">GND</subfield>
    <subfield code="B">GND-118594427</subfield>
    <subfield code="C">400</subfield>
  </datafield>
  <datafield tag="GPN" ind1="0" ind2=" ">
    <subfield code="a">Pindarus</subfield>
    <subfield code="c">Boeotus</subfield>
    <subfield code="d">ca. 522 oder 518 v. Chr.-446 v. Chr.</subfield>
    <subfield code="A">GND</subfield>
    <subfield code="B">GND-118594427</subfield>
    <subfield code="C">400</subfield>
  </datafield>
  <datafield tag="GPN" ind1="0" ind2=" ">
    <subfield code="a">Pindarus</subfield>
    <subfield code="c">Lyricus</subfield>
    <subfield code="d">ca. 522 oder 518 v. Chr.-446 v. Chr.</subfield>
    <subfield code="A">GND</subfield>
    <subfield code="B">GND-118594427</subfield>
    <subfield code="C">400</subfield>
  </datafield>
  <datafield tag="GPN" ind1="0" ind2=" ">
    <subfield code="a">Pindarus</subfield>
    <subfield code="c">Iunior</subfield>
    <subfield code="d">ca. 522 oder 518 v. Chr.-446 v. Chr.</subfield>
    <subfield code="A">GND</subfield>
    <subfield code="B">GND-118594427</subfield>
    <subfield code="C">400</subfield>
  </datafield>
  <datafield tag="GPN" ind1="0" ind2=" ">
    <subfield code="a">Pindarus</subfield>
    <subfield code="c">Junior</subfield>
    <subfield code="d">ca. 522 oder 518 v. Chr.-446 v. Chr.</subfield>
    <subfield code="A">GND</subfield>
    <subfield code="B">GND-118594427</subfield>
    <subfield code="C">400</subfield>
  </datafield>
  <datafield tag="GPN" ind1="0" ind2=" ">
    <subfield code="a">Pindare</subfield>
    <subfield code="d">ca. 522 oder 518 v. Chr.-446 v. Chr.</subfield>
    <subfield code="A">GND</subfield>
    <subfield code="B">GND-118594427</subfield>
    <subfield code="C">400</subfield>
  </datafield>
  <datafield tag="GPN" ind1="0" ind2=" ">
    <subfield code="a">Pindarus</subfield>
    <subfield code="c">Thebanus</subfield>
    <subfield code="d">ca. 522 oder 518 v. Chr.-446 v. Chr.</subfield>
    <subfield code="A">GND</subfield>
    <subfield code="B">GND-118594427</subfield>
    <subfield code="C">400</subfield>
  </datafield>
  <datafield tag="GPN" ind1="0" ind2=" ">
    <subfield code="a">Pindaros</subfield>
    <subfield code="c">Dichter</subfield>
    <subfield code="d">ca. 522 oder 518 v. Chr.-446 v. Chr.</subfield>
    <subfield code="A">GND</subfield>
    <subfield code="B">GND-118594427</subfield>
    <subfield code="C">400</subfield>
  </datafield>
  <datafield tag="GPN" ind1="0" ind2=" ">
    <subfield code="a">Pindaro</subfield>
    <subfield code="d">ca. 522 oder 518 v. Chr.-446 v. Chr.</subfield>
    <subfield code="A">GND</subfield>
    <subfield code="B">GND-118594427</subfield>
    <subfield code="C">400</subfield>
  </datafield>
  <datafield tag="GPN" ind1="0" ind2=" ">
    <subfield code="a">Pindare</subfield>
    <subfield code="c">de Cynocéphales</subfield>
    <subfield code="d">ca. 522 oder 518 v. Chr.-446 v. Chr.</subfield>
    <subfield code="A">GND</subfield>
    <subfield code="B">GND-118594427</subfield>
    <subfield code="C">400</subfield>
  </datafield>
  <datafield tag="GPN" ind1="0" ind2=" ">
    <subfield code="a">Pindarus</subfield>
    <subfield code="c">Lyricus Thebanus</subfield>
    <subfield code="d">ca. 522 oder 518 v. Chr.-446 v. Chr.</subfield>
    <subfield code="A">GND</subfield>
    <subfield code="B">GND-118594427</subfield>
    <subfield code="C">400</subfield>
  </datafield>
  <datafield tag="GPN" ind1="0" ind2=" ">
    <subfield code="a">Pindarus</subfield>
    <subfield code="c">Boetus</subfield>
    <subfield code="d">ca. 522 oder 518 v. Chr.-446 v. Chr.</subfield>
    <subfield code="A">GND</subfield>
    <subfield code="B">GND-118594427</subfield>
    <subfield code="C">400</subfield>
  </datafield>
  <datafield tag="GPN" ind1="0" ind2=" ">
    <subfield code="a">Pyndarus</subfield>
    <subfield code="d">ca. 522 oder 518 v. Chr.-446 v. Chr.</subfield>
    <subfield code="A">GND</subfield>
    <subfield code="B">GND-118594427</subfield>
    <subfield code="C">400</subfield>
  </datafield>
  <datafield tag="GSI" ind1="7" ind2=" ">
    <subfield code="a">118594427</subfield>
    <subfield code="0">http://d-nb.info/gnd/118594427</subfield>
    <subfield code="2">gnd</subfield>
    <subfield code="A">GND</subfield>
    <subfield code="B">GND-118594427</subfield>
    <subfield code="C">024</subfield>
  </datafield>
  <datafield tag="GPN" ind1="0" ind2=" ">
    <subfield code="a">Bacchylides</subfield>
    <subfield code="c">Lyricus</subfield>
    <subfield code="d">ca. 1. Hälfte v5. Jh.</subfield>
    <subfield code="A">GND</subfield>
    <subfield code="B">GND-118506080</subfield>
    <subfield code="C">400</subfield>
  </datafield>
  <datafield tag="GPN" ind1="0" ind2=" ">
    <subfield code="a">Bakchylides</subfield>
    <subfield code="c">Neffe des Simonides</subfield>
    <subfield code="d">ca. 1. Hälfte v5. Jh.</subfield>
    <subfield code="A">GND</subfield>
    <subfield code="B">GND-118506080</subfield>
    <subfield code="C">400</subfield>
  </datafield>
  <datafield tag="GPN" ind1="0" ind2=" ">
    <subfield code="a">Bakchylides</subfield>
    <subfield code="c">Chorlyriker</subfield>
    <subfield code="d">ca. 1. Hälfte v5. Jh.</subfield>
    <subfield code="A">GND</subfield>
    <subfield code="B">GND-118506080</subfield>
    <subfield code="C">400</subfield>
  </datafield>
  <datafield tag="GPN" ind1="0" ind2=" ">
    <subfield code="a">Bacchylide</subfield>
    <subfield code="c">de Kéos</subfield>
    <subfield code="d">ca. 1. Hälfte v5. Jh.</subfield>
    <subfield code="A">GND</subfield>
    <subfield code="B">GND-118506080</subfield>
    <subfield code="C">400</subfield>
  </datafield>
  <datafield tag="GPN" ind1="0" ind2=" ">
    <subfield code="a">Bacchylide</subfield>
    <subfield code="c">de Céos</subfield>
    <subfield code="d">ca. 1. Hälfte v5. Jh.</subfield>
    <subfield code="A">GND</subfield>
    <subfield code="B">GND-118506080</subfield>
    <subfield code="C">400</subfield>
  </datafield>
  <datafield tag="GPN" ind1="0" ind2=" ">
    <subfield code="a">Bakchylidēs</subfield>
    <subfield code="d">ca. 1. Hälfte v5. Jh.</subfield>
    <subfield code="A">GND</subfield>
    <subfield code="B">GND-118506080</subfield>
    <subfield code="C">400</subfield>
  </datafield>
  <datafield tag="GPN" ind1="0" ind2=" ">
    <subfield code="a">Bakchylides</subfield>
    <subfield code="d">ca. 1. Hälfte v5. Jh.</subfield>
    <subfield code="9">v:R:RAK-ÖB</subfield>
    <subfield code="A">GND</subfield>
    <subfield code="B">GND-118506080</subfield>
    <subfield code="C">400</subfield>
  </datafield>
  <datafield tag="GPN" ind1="0" ind2=" ">
    <subfield code="a">Bacchylides</subfield>
    <subfield code="c">Ceus</subfield>
    <subfield code="d">ca. 1. Hälfte v5. Jh.</subfield>
    <subfield code="A">GND</subfield>
    <subfield code="B">GND-118506080</subfield>
    <subfield code="C">400</subfield>
  </datafield>
  <datafield tag="GPN" ind1="0" ind2=" ">
    <subfield code="a">Bakchylides</subfield>
    <subfield code="c">von Keos</subfield>
    <subfield code="d">ca. 1. Hälfte v5. Jh.</subfield>
    <subfield code="A">GND</subfield>
    <subfield code="B">GND-118506080</subfield>
    <subfield code="C">400</subfield>
  </datafield>
  <datafield tag="GPN" ind1="0" ind2=" ">
    <subfield code="a">Bacchilide</subfield>
    <subfield code="d">ca. 1. Hälfte v5. Jh.</subfield>
    <subfield code="A">GND</subfield>
    <subfield code="B">GND-118506080</subfield>
    <subfield code="C">400</subfield>
  </datafield>
  <datafield tag="GPN" ind1="0" ind2=" ">
    <subfield code="a">Baquilides</subfield>
    <subfield code="d">ca. 1. Hälfte v5. Jh.</subfield>
    <subfield code="A">GND</subfield>
    <subfield code="B">GND-118506080</subfield>
    <subfield code="C">400</subfield>
  </datafield>
  <datafield tag="GPN" ind1="0" ind2=" ">
    <subfield code="a">Bacchilide</subfield>
    <subfield code="c">di Ceo</subfield>
    <subfield code="d">ca. 1. Hälfte v5. Jh.</subfield>
    <subfield code="A">GND</subfield>
    <subfield code="B">GND-118506080</subfield>
    <subfield code="C">400</subfield>
  </datafield>
  <datafield tag="GPN" ind1="0" ind2=" ">
    <subfield code="a">Bacchylide</subfield>
    <subfield code="d">ca. 1. Hälfte v5. Jh.</subfield>
    <subfield code="A">GND</subfield>
    <subfield code="B">GND-118506080</subfield>
    <subfield code="C">400</subfield>
  </datafield>
  <datafield tag="GSI" ind1="7" ind2=" ">
    <subfield code="a">http://d-nb.info/gnd/118506080</subfield>
    <subfield code="2">uri</subfield>
    <subfield code="A">GND</subfield>
    <subfield code="B">GND-118506080</subfield>
    <subfield code="C">024</subfield>
  </datafield>
</record>
